@article{PPDP18,
  author    = {Sulzmann, Martin and
               Stadtm{\"{u}}ller, Kai},
  title     = {Two-Phase Dynamic Analysis of Message-Passing Go Programs based on
               Vector Clocks},
  journal   = {CoRR},
  volume    = {abs/1807.03585},
  year      = {2018},
  url       = {http://arxiv.org/abs/1807.03585},
  eprinttype = {arXiv},
  eprint    = {1807.03585},
  timestamp = {Mon, 13 Aug 2018 16:46:39 +0200},
  biburl    = {https://dblp.org/rec/journals/corr/abs-1807-03585.bib},
  bibsource = {dblp computer science bibliography, https://dblp.org}
}
