@misc{GoChan,
author = {Kassubek, Erik},
title = {{GoChan}},
howpublished = {\url{https://github.com/ErikKassubek/GoChan}},
note = {v 0.1},
year = {2022}
}
