@article{PPDP18,
  author    = {Sulzmann, Martin and
               Stadtm{\"{u}}ller, Kai},
  title     = {Two-Phase Dynamic Analysis of Message-Passing Go Programs based on
               Vector Clocks},
  journal   = {CoRR},
  volume    = {abs/1807.03585},
  year      = {2018},
  url       = {http://arxiv.org/abs/1807.03585},
  eprinttype = {arXiv},
  eprint    = {1807.03585},
  timestamp = {Mon, 13 Aug 2018 16:46:39 +0200},
  biburl    = {https://dblp.org/rec/journals/corr/abs-1807-03585.bib},
  bibsource = {dblp computer science bibliography, https://dblp.org}
}

@inproceedings{gcatch,
author = {Liu, Ziheng and Zhu, Shuofei and Qin, Boqin and Chen, Hao and Song, Linhai},
title = {Automatically Detecting and Fixing Concurrency Bugs in Go Software Systems},
year = {2021},
isbn = {9781450383172},
publisher = {Association for Computing Machinery},
address = {New York, NY, USA},
url = {https://doi.org/10.1145/3445814.3446756},
doi = {10.1145/3445814.3446756},
booktitle = {Proceedings of the 26th ACM International Conference on Architectural Support for Programming Languages and Operating Systems},
pages = {616–629},
numpages = {14},
keywords = {Static Analysis, Bug Fixing, Concurrency Bugs, Go, Bug Detection},
location = {Virtual, USA},
series = {ASPLOS '21}
}

@inproceedings{gfuzz,
author = {Liu, Ziheng and Xia, Shihao and Liang, Yu and Song, Linhai and Hu, Hong},
title = {Who Goes First? Detecting Go Concurrency Bugs via Message Reordering},
year = {2022},
isbn = {9781450392051},
publisher = {Association for Computing Machinery},
address = {New York, NY, USA},
url = {https://doi.org/10.1145/3503222.3507753},
doi = {10.1145/3503222.3507753},
booktitle = {Proceedings of the 27th ACM International Conference on Architectural Support for Programming Languages and Operating Systems},
pages = {888–902},
numpages = {15},
keywords = {Bug Detection, Concurrency Bugs, Dynamic Analysis, Fuzzing, Go},
location = {Lausanne, Switzerland},
series = {ASPLOS '22}
}